@book{veronesi_fixed_2010,
	location = {Hoboken, {NJ}},
	title = {Fixed income securities: valuation, risk, and risk management},
	pagetotal = {805},
	publisher = {Wiley},
	author = {Veronesi, Pietro},
	date = {2010},
	keywords = {Risk management, Fixed-income securities}
}

@book{fabozzi_fixed_2007,
	location = {Hoboken, {NJ}},
	edition = {2},
	title = {Fixed income analysis},
	isbn = {978-0-470-05221-1},
	pagetotal = {733},
	publisher = {Wiley},
	author = {Fabozzi, Frank J.},
	date = {2007},
	file = {Fabozzi - 2007 - Fixed income analysis.pdf:C\:\\Users\\mail\\Zotero\\storage\\3TTRQG88\\Fabozzi - 2007 - Fixed income analysis.pdf:application/pdf}
}

@collection{fabozzi_handbook_2005,
	location = {New York, {NY}},
	edition = {7},
	title = {The handbook of fixed income securities},
	publisher = {{McGraw}-Hill},
	editor = {Fabozzi, Frank J. and Mann, Steven V.},
	date = {2005},
	keywords = {Fixed-income securities, Bonds, Handbooks, manuals, etc, Money market funds, Mutual funds, Preferred stocks}
}

@book{bodie_investments_2018,
	location = {New York, {NY}},
	edition = {11},
	title = {Investments},
	publisher = {{McGraw}-Hill Education},
	author = {Bodie, Zvi and Kane, Alex and Marcus, Alan J.},
	date = {2018},
	keywords = {Investments, Portfolio management}
}

@book{alexander_market_2008,
	location = {Chichester},
	title = {Market risk analysis},
	volume = {2},
	publisher = {Wiley},
	author = {Alexander, Carol},
	date = {2008},
	keywords = {oft zitiert, Risk management, Hedging (Finance)},
	file = {Alexander - 2008 - Market risk analysis.pdf:C\:\\Users\\mail\\Zotero\\storage\\PBJMPQ23\\Alexander - 2008 - Market risk analysis.pdf:application/pdf}
}

@book{brigo_interest_2006,
	location = {Berlin},
	title = {Interest Rate Models -- Theory and Practice: With Smile, Inflation and Credit},
	publisher = {Springer},
	author = {Brigo, Damiano and Mercurio, Fabio},
	date = {2006}
}

@book{schonbucher_credit_2003,
	location = {Chichester ; Hoboken, {NJ}},
	title = {Credit derivatives pricing models: models, pricing, and implementation},
	isbn = {978-0-470-84291-1},
	series = {Wiley finance series},
	shorttitle = {Credit derivatives pricing models},
	pagetotal = {375},
	publisher = {Wiley},
	author = {Schönbucher, Philipp J.},
	date = {2003},
	note = {{OCLC}: ocm50270160},
	keywords = {Credit derivatives, Prices},
	file = {Schönbucher - 2003 - Credit derivatives pricing models models, pricing.pdf:C\:\\Users\\mail\\Zotero\\storage\\3RDXUX6C\\Schönbucher - 2003 - Credit derivatives pricing models models, pricing.pdf:application/pdf}
}
